<?xml version="1.0" encoding="UTF-8" ?>
<collection xmlns:xsi="http://www.w3.org/2001/XMLSchema-instance"
    xsi:schemaLocation="http://www.loc.gov/MARC21/slim
        http://www.loc.gov/standards/marcxml/schema/MARC21slim.xsd"
    xmlns="http://www.loc.gov/MARC21/slim">
<record>
  <leader>00237cam a2200445 i 4500</leader>
  <controlfield tag="001">b12482651</controlfield>
  <controlfield tag="003">LeBAU</controlfield>
  <controlfield tag="005">20200108</controlfield>
  <controlfield tag="008">970613s1954    le       b    000 0 ara d</controlfield>
  <datafield tag="035" ind1=" " ind2=" ">
    <subfield code="a">ocn784339726</subfield>
  </datafield>
  <datafield tag="040" ind1=" " ind2=" ">
    <subfield code="a">LEAUB</subfield>
    <subfield code="b">ara</subfield>
    <subfield code="e">rda</subfield>
    <subfield code="c">LEAUB</subfield>
    <subfield code="d">LEAUB</subfield>
  </datafield>
  <datafield tag="082" ind1="0" ind2="4">
    <subfield code="a">492.73</subfield>
    <subfield code="2">23</subfield>
  </datafield>
  <datafield tag="100" ind1="1" ind2=" ">
    <subfield code="6">880-01</subfield>
    <subfield code="a">Furayḥah, Anīs,</subfield>
    <subfield code="d">1903-.</subfield>
    <subfield code="e">author.</subfield>
    <subfield code="0">https://lccn.loc.gov/n82268128 ,</subfield>
  </datafield>
  <datafield tag="245" ind1="1" ind2="0">
    <subfield code="6">880-02</subfield>
    <subfield code="a">Naẓrah fī muʻjam al-shaykh ʻAbd Allāh al-ʻAlāyilī /</subfield>
    <subfield code="c">Anīs Furayḥah.</subfield>
  </datafield>
  <datafield tag="264" ind1=" " ind2="1">
    <subfield code="6">880-03</subfield>
    <subfield code="a">[Bayrūt] :</subfield>
    <subfield code="b">Majallat al-Abḥāth,</subfield>
    <subfield code="c">1954.</subfield>
  </datafield>
  <datafield tag="300" ind1=" " ind2=" ">
    <subfield code="6">880-04</subfield>
    <subfield code="a">208-225 pages ;</subfield>
    <subfield code="c">28 cm</subfield>
  </datafield>
  <datafield tag="336" ind1=" " ind2=" ">
    <subfield code="a">text</subfield>
    <subfield code="b">txt</subfield>
    <subfield code="2">rdacontent</subfield>
  </datafield>
  <datafield tag="337" ind1=" " ind2=" ">
    <subfield code="a">unmediated</subfield>
    <subfield code="b">n</subfield>
    <subfield code="2">rdamedia</subfield>
  </datafield>
  <datafield tag="338" ind1=" " ind2=" ">
    <subfield code="a">volume</subfield>
    <subfield code="b">nc</subfield>
    <subfield code="2">rdacarrier</subfield>
  </datafield>
  <datafield tag="500" ind1=" " ind2=" ">
    <subfield code="a">"عن مجلة الابحاث الجزء الثاني، السنة 7، حزيران 1954، ص. 208-225."</subfield>
  </datafield>
  <datafield tag="504" ind1=" " ind2=" ">
    <subfield code="a">يتضمن مراجع ببليوغرافية.</subfield>
  </datafield>
  <datafield tag="600" ind1="1" ind2="4">
    <subfield code="a">العلايلي، عبد الله.</subfield>
    <subfield code="t">المعجم.</subfield>
  </datafield>
  <datafield tag="600" ind1="1" ind2="0">
    <subfield code="a">ʻAlayili, ʻAbd Allah.</subfield>
    <subfield code="t">Muʻjam.</subfield>
  </datafield>
  <datafield tag="650" ind1=" " ind2="4">
    <subfield code="a">اللغة العربية</subfield>
    <subfield code="v">قواميس</subfield>
    <subfield code="x">تاريخ.</subfield>
  </datafield>
  <datafield tag="650" ind1=" " ind2="4">
    <subfield code="a">اللغة العربية</subfield>
    <subfield code="x">صناعة المعجم.</subfield>
  </datafield>
  <datafield tag="650" ind1=" " ind2="0">
    <subfield code="a">Arabic language</subfield>
    <subfield code="v">Dictionaries</subfield>
    <subfield code="x">History.</subfield>
  </datafield>
  <datafield tag="650" ind1=" " ind2="0">
    <subfield code="a">Arabic language</subfield>
    <subfield code="x">Lexicography.</subfield>
  </datafield>
  <datafield tag="773" ind1="0" ind2=" ">
    <subfield code="6">880-05</subfield>
    <subfield code="t">Abḥāth : majallah sanawīyah muḥakkamah, tu'ná bi-al-dirāsāt al-'arabīyah wa-dirāsāt al-Sharq al-Awsaṭ.</subfield>
    <subfield code="d">Ḥazīrān 1954</subfield>
    <subfield code="g">al-sanah 7.</subfield>
    <subfield code="g">السنة 7</subfield>
    <subfield code="g">حزيران 1954</subfield>
    <subfield code="w">(LEAUB)b12874000</subfield>
  </datafield>
  <datafield tag="787" ind1="0" ind2="8">
    <subfield code="6">880-06</subfield>
    <subfield code="i">is critique of (work)</subfield>
    <subfield code="4">http://rdaregistry.info/Elements/w/P10182 :</subfield>
    <subfield code="a">ʻAlāyilī, ʻAbd Allāh.</subfield>
    <subfield code="t">Muʻjam : mawsūʻah lughawīyah, ʻilmīyah, fannīyah.</subfield>
    <subfield code="b">Ṭabʻah thānīyah, munaqqaḥah wa-mazīdah.</subfield>
    <subfield code="d">Bayrūt : Dār al-Muʻjam al-ʻArabī, 1374 H. = 1954 M. M.</subfield>
    <subfield code="w">(OCoLC)1041871734</subfield>
    <subfield code="w">(OCoLC)1041871734</subfield>
  </datafield>
  <datafield tag="852" ind1=" " ind2=" ">
    <subfield code="a">Jafet Library</subfield>
    <subfield code="e">American University of Beirut, Bliss Street , Beirut, Lebanon.</subfield>
  </datafield>
  <datafield tag="880" ind1="1" ind2=" ">
    <subfield code="6">100-01/(3/r</subfield>
    <subfield code="a">فريحة، انيس،</subfield>
    <subfield code="d">1903-</subfield>
    <subfield code="0">https://lccn.loc.gov/n82268128 ,</subfield>
    <subfield code="e">مؤلف. </subfield>
    <subfield code="4">aut.</subfield>
  </datafield>
  <datafield tag="880" ind1="1" ind2="0">
    <subfield code="6">245-02/(3/r</subfield>
    <subfield code="a">نظرة في معجم الشيخ عبد الله العلايلي /</subfield>
    <subfield code="c">أنيس فريحة.</subfield>
  </datafield>
  <datafield tag="880" ind1=" " ind2="1">
    <subfield code="6">264-03/(3/r</subfield>
    <subfield code="a">[بيروت] :</subfield>
    <subfield code="b">مجلة الأبحاث،</subfield>
    <subfield code="c">1954.</subfield>
  </datafield>
  <datafield tag="880" ind1=" " ind2=" ">
    <subfield code="6">300-04/(3/r</subfield>
    <subfield code="a">208-225 صفحة ؛</subfield>
    <subfield code="c">28 سم</subfield>
  </datafield>
  <datafield tag="880" ind1="0" ind2=" ">
    <subfield code="6">773-05/(3/r</subfield>
    <subfield code="t">الأبحاث : مجلة سنوية محكمة، تعنى بالدراسات العربية ودراسات الشرق الأوسط.</subfield>
    <subfield code="d">Bayrūt : al-Jāmiʻah al-Amīrkīyah, 1948.</subfield>
    <subfield code="g">al-juzʼ al-thānī.</subfield>
    <subfield code="g">al-sanah 7.</subfield>
    <subfield code="d">Ḥazīrān 1954</subfield>
    <subfield code="w">(LEAUB)b12874000</subfield>
  </datafield>
  <datafield tag="880" ind1="0" ind2="8">
    <subfield code="6">787-06/(3/r</subfield>
    <subfield code="i">نقد (عمل)</subfield>
    <subfield code="4">http://rdaregistry.info/Elements/w/P10182 :</subfield>
    <subfield code="a">العلايلي، عبد الله.</subfield>
    <subfield code="t">المعجم : موسوعة لغوية علمية فنية.</subfield>
    <subfield code="b">طبعة ثانية، منقحة ومزيدة.</subfield>
    <subfield code="d">بيروت : دار المعجم العربي، 1374 هـ. = 1954 م.</subfield>
    <subfield code="w">(LEAUB)b12783195</subfield>
    <subfield code="w">(OCoLC)1041871734</subfield>
  </datafield>
  <datafield tag="907" ind1=" " ind2=" ">
    <subfield code="a">.b12482651</subfield>
    <subfield code="b">20-02-10</subfield>
    <subfield code="c">11-05-24</subfield>
  </datafield>
  <datafield tag="907" ind1=" " ind2=" ">
    <subfield code="a">.b12482651</subfield>
    <subfield code="b">15-11-03</subfield>
    <subfield code="c">11-05-24</subfield>
  </datafield>
  <datafield tag="945" ind1=" " ind2=" ">
    <subfield code="f">J</subfield>
    <subfield code="a">492.73:F84nA</subfield>
    <subfield code="i">01025830</subfield>
    <subfield code="j">.i12970906</subfield>
    <subfield code="l">u0503</subfield>
  </datafield>
  <datafield tag="998" ind1=" " ind2=" ">
    <subfield code="a">u05</subfield>
    <subfield code="b">97-06-13</subfield>
    <subfield code="c">m</subfield>
    <subfield code="d">a  </subfield>
    <subfield code="e">-</subfield>
    <subfield code="f">ara</subfield>
    <subfield code="g">le </subfield>
    <subfield code="h">0</subfield>
    <subfield code="i">1</subfield>
  </datafield>
</record>
</collection>
